<?xml version="1.0" encoding="UTF-8"?><collection xmlns="http://www.loc.gov/MARC21/slim"><record><leader>00309nam--2200121-i-4500</leader><controlfield tag="001">000047119</controlfield><controlfield tag="002">20161230</controlfield><controlfield tag="005">20161230201046</controlfield><controlfield tag="008">060222s1000------------r-----000-0-eng-d</controlfield><datafield ind1=" " ind2=" " tag="100"><subfield code="a">Wheland,George Willard</subfield></datafield><datafield ind1=" " ind2=" " tag="245"><subfield code="a">Resonance in organic chemistry</subfield></datafield><datafield ind1=" " ind2=" " tag="260"><subfield code="a">London, J.Wiley, 1955. Xiii + 846 P</subfield></datafield><datafield ind1=" " ind2=" " tag="852"><subfield code="a">12036</subfield></datafield></record></collection>